<record><leader>00000cas a22000007a 4500</leader><controlfield tag="001">16896430</controlfield><controlfield tag="008">871026d18981946ohuwr ne      0    0eng d</controlfield><datafield ind1=" " ind2=" " tag="010"><subfield code="a">sn 87075153 </subfield></datafield><datafield ind1=" " ind2=" " tag="040"><subfield code="a">ONP</subfield><subfield code="b">eng</subfield><subfield code="c">ONP</subfield><subfield code="d">OCLCQ</subfield></datafield><datafield ind1=" " ind2=" " tag="042"><subfield code="a">msc</subfield></datafield><datafield ind1="0" ind2=" " tag="130"><subfield code="a">Gallia times (Gallipolis, Ohio)</subfield></datafield><datafield ind1="1" ind2="4" tag="245"><subfield code="a">The Gallia times.</subfield></datafield><datafield ind1=" " ind2=" " tag="260"><subfield code="a">Gallipolis, Ohio :</subfield><subfield code="b">Harry R. Hurn</subfield></datafield><datafield ind1=" " ind2=" " tag="300"><subfield code="a">v.</subfield></datafield><datafield ind1=" " ind2=" " tag="310"><subfield code="a">Weekly</subfield></datafield><datafield ind1="1" ind2=" " tag="362"><subfield code="a">Began with June 1, 1898 issue; ceased with Jan. 5, 1946 issue.</subfield></datafield><datafield ind1=" " ind2=" " tag="580"><subfield code="a">Absorbed : Gallipolis bulletin (Gallipolis, Ohio : 1867), Jan. 22, 1920.</subfield></datafield><datafield ind1=" " ind2=" " tag="580"><subfield code="a">Absorbed by: Gallipolis daily tribune, Jan. 12, 1946, and became the Saturday edition of that paper.</subfield></datafield><datafield ind1=" " ind2=" " tag="588"><subfield code="a">Description based on: Vol. 15, no. 18 (June 4, 1913).</subfield></datafield><datafield ind1=" " ind2="4" tag="651"><subfield code="a">Gallipolis (Ohio)</subfield><subfield code="v">Newspapers.</subfield></datafield><datafield ind1=" " ind2="4" tag="651"><subfield code="a">Gallia County (Ohio)</subfield><subfield code="v">Newspapers.</subfield></datafield><datafield ind1=" " ind2=" " tag="752"><subfield code="a">United States</subfield><subfield code="b">Ohio</subfield><subfield code="c">Gallia</subfield><subfield code="d">Gallipolis.</subfield></datafield><datafield ind1="1" ind2="5" tag="780"><subfield code="t">Gallipolis bulletin (Gallipolis, Ohio : 1867)</subfield><subfield code="w">(DLC)sn 85038122</subfield></datafield><datafield ind1="1" ind2="4" tag="785"><subfield code="t">Gallipolis daily tribune</subfield><subfield code="w">(DLC)sn 86072211</subfield></datafield><datafield ind1="1" ind2=" " tag="029"><subfield code="a">AU@</subfield><subfield code="b">000025800250</subfield></datafield></record>